@misc{openlinkSoftware,
  title        = {Memory Consumption When Loading Large Triple Files},
  author       = {{OpenLink Software}},
  year         = {2023},
  howpublished = {\url{https://community.openlinksw.com/t/memory-consumption-when-loading-large-triple-files/351}},
  note         = {Accessed: 2023-05-15}
}

@misc{rdfhdt,
  title        = {Datasets},
  author       = {{RDF HDT}},
  year         = {2023},
  howpublished = {\url{https://www.rdfhdt.org/datasets/}},
  note         = {Accessed: 2023-05-15}
}

@article{vrandecic2014wikidata,
  title     = {Wikidata: A Free Collaborative Knowledge Base},
  author    = {Vrande{\v{c}}i{\'c}, Denny and Kr{\"o}tzsch, Markus},
  journal   = {Communications of the ACM},
  volume    = {57},
  number    = {10},
  pages     = {78--85},
  year      = {2014},
  publisher = {ACM},
  doi       = {10.1145/2629489}
}

@article{fernandez2013binary,
  title     = {Binary {RDF} Representation for Publication and Exchange ({HDT})},
  author    = {Fern{\'a}ndez, Javier D. and Mart{\'\i}nez-Prieto, Miguel A. and Guti{\'e}rrez, Claudio and Polleres, Axel and Arias, Mario},
  journal   = {Journal of Web Semantics},
  volume    = {19},
  pages     = {22--41},
  year      = {2013},
  publisher = {Elsevier},
  doi       = {10.1016/j.websem.2013.01.002}
}

@inproceedings{fernandez2018hdtq,
  title     = {{HDTQ}: Managing {RDF} Datasets in Compressed Space},
  author    = {Fern{\'a}ndez, Javier D. and Mart{\'\i}nez-Prieto, Miguel A. and Polleres, Axel and Reindorf, Julian},
  booktitle = {European Semantic Web Conference},
  pages     = {191--208},
  year      = {2018},
  organization = {Springer},
  doi       = {10.1007/978-3-319-93417-4\_13}
}

@inproceedings{frey2019rewriting,
  title     = {Rewriting {SPARQL} Queries Based on {RDF}*/{SPARQL}* Schema Analysis},
  author    = {Frey, Johannes and Hoppe, Torsten and Obraczka, Daniel and Sattler, Jens and Schalles, Christian},
  booktitle = {European Semantic Web Conference},
  pages     = {101--116},
  year      = {2019},
  organization = {Springer},
  doi       = {10.1007/978-3-030-21348-0\_7}
}

@inproceedings{hartig2017foundations,
  title     = {Foundations of {RDF}* and {SPARQL}*: An Alternative Approach to Statement-Level Metadata in {RDF}},
  author    = {Hartig, Olaf},
  booktitle = {AMW 2017: 11th Alberto Mendelzon International Workshop on Foundations of Data Management and the Web},
  year      = {2017},
  url       = {http://ceur-ws.org/Vol-1912/paper12.pdf}
}

@inproceedings{jiang2013rdf,
  title     = {{RDF}-Thrift: A Compact Format for {RDF} Serialization},
  author    = {Jiang, Li and Zhao, Zihui and Guo, Yafei and Ling, Huashan},
  booktitle = {Proceedings of the 22nd International Conference on World Wide Web},
  pages     = {299--302},
  year      = {2013},
  doi       = {10.1145/2487788.2487934}
}

@inproceedings{malyshev2018getting,
  title     = {Getting the Most Out of {Wikidata}: Semantic Technology Usage in {Wikipedia}'s Knowledge Graph},
  author    = {Malyshev, Stanislav and Kr{\"o}tzsch, Markus and Gonz{\'a}lez, Larry and Gonsior, Julius and Bielefeldt, Adrian},
  booktitle = {International Semantic Web Conference},
  pages     = {376--394},
  year      = {2018},
  organization = {Springer},
  doi       = {10.1007/978-3-030-00668-6\_23}
}

@techreport{cyganiak2014rdf,
  title        = {{RDF} 1.1 Concepts and Abstract Syntax},
  author       = {Cyganiak, Richard and Wood, David and Lanthaler, Markus},
  year         = {2014},
  institution  = {W3C},
  type         = {W3C Recommendation},
  url          = {https://www.w3.org/TR/rdf11-concepts/}
}

@techreport{garlik2013sparql,
  title        = {{SPARQL} 1.1 Query Language},
  author       = {Harris, Steve and Seaborne, Andy},
  year         = {2013},
  institution  = {W3C},
  type         = {W3C Recommendation},
  url          = {https://www.w3.org/TR/sparql11-query/}
}

@misc{openfoodfacts,
  title        = {Open Food Facts},
  author       = {{Open Food Facts}},
  year         = {2023},
  howpublished = {\url{https://github.com/openfoodfacts}},
  note         = {GitHub repository},
  urldate      = {2023-09-16}
}

@misc{oxfordsemantic2023wikidata,
  title        = {Enhancing {Wikidata} Performance with {RDFox}: How to Dissect the World's Leading {RDF} Database Faster},
  author       = {{Oxford Semantic Technologies}},
  year         = {2023},
  howpublished = {\url{https://www.oxfordsemantic.tech/blog/enhancing-wikidata-performance-with-rdfox-how-to-dissect-the-worlds-leading-rdf-database-faster}},
  note         = {Accessed: 2023-05-15}
}

@article{ferranti2024formalizing,
  title     = {Formalizing and Validating Wikidata's Property Constraints Using SHACL and SPARQL},
  author    = {Ferranti, Nicolas and Souza, Jairo and Ahmetaj, Shqiponja and Polleres, Axel},
  journal   = {Semantic Web},
  year      = {2024},
  publisher = {IOS Press},
  doi       = {10.3233/SW-243611}
}

@article{harris2013sparql,
  title     = {{SPARQL} 1.1 Query Language},
  author    = {Harris, Steve and Seaborne, Andy and Prud'hommeaux, Eric},
  journal   = {W3C Recommendation},
  volume    = {21},
  number    = {10},
  year      = {2013},
  url       = {https://www.w3.org/TR/sparql11-query/}
}

@article{perez2009semantics,
  title     = {Semantics and Complexity of SPARQL},
  author    = {P{\'e}rez, Jorge and Arenas, Marcelo and Gutierrez, Claudio},
  journal   = {ACM Transactions on Database Systems (TODS)},
  volume    = {34},
  number    = {3},
  pages     = {1--45},
  year      = {2009},
  publisher = {ACM, New York, NY, USA}
}

@inproceedings{angles2008expressive,
  title     = {The Expressive Power of SPARQL},
  author    = {Angles, Renzo and Gutierrez, Claudio},
  booktitle = {International Semantic Web Conference},
  pages     = {114--129},
  year      = {2008},
  organization = {Springer}
}

@book{HoganRDF,
  title     = {An Introduction to {RDF} and Linked Data},
  author    = {Hogan, Aidan},
  year      = {2020},
  publisher = {Morgan \& Claypool Publishers},
  series    = {Synthesis Lectures on the Semantic Web: Theory and Technology},
  volume    = {11},
  number    = {2},
  doi       = {10.2200/S00990ED1V01Y202009WBE018},
  isbn      = {9781681739426},
  url       = {https://doi.org/10.2200/S00990ED1V01Y202009WBE018}
}

@article{bizer2011linkeddata,
  title     = {Linked Data: The Story So Far},
  author    = {Bizer, Christian and Heath, Tom and Berners-Lee, Tim},
  journal   = {Semantic Services, Interoperability and Web Applications: Emerging Concepts},
  pages     = {205--227},
  year      = {2011},
  publisher = {IGI Global}
}

@article{singhal2012introducing,
  title     = {Introducing the Knowledge Graph: Things, Not Strings},
  author    = {Singhal, Amit},
  journal   = {Official Google Blog},
  volume    = {5},
  pages     = {1},
  year      = {2012}
}

@inproceedings{ehrlinger2016towards,
  title     = {Towards a Definition of Knowledge Graphs},
  author    = {Ehrlinger, Lisa and W{\"o}ss, Wolfram},
  booktitle = {CEUR Workshop Proceedings},
  volume    = {1695},
  pages     = {1--10},
  year      = {2016}
}

@misc{hdtit,
  title        = {{HDT-it}: {HDT} Interactive Terminal},
  author       = {{RDF HDT}},
  year         = {2023},
  howpublished = {\url{https://github.com/rdfhdt/hdt-it}},
  note         = {GitHub repository},
  urldate      = {2023-09-16}
}

@misc{rdf2hdt,
  title        = {rdf2hdt: {RDF} to {HDT} Converter},
  author       = {{RDF HDT}},
  year         = {2023},
  howpublished = {\url{https://github.com/rdfhdt/hdt-cpp}},
  note         = {GitHub repository},
  urldate      = {2023-09-16}
}

@misc{wikidata_dumps,
  author       = {{Wikidata}},
  title        = {Wikidata Dumps},
  howpublished = {\url{https://dumps.wikimedia.org/wikidatawiki/entities/}},
  year         = {2024},
  note         = {Accessed: 2024-04-27}
}